<record><leader>00000cas a2200000 a 4500</leader><controlfield tag="001">51103696</controlfield><controlfield tag="007">cr nn|||||||||</controlfield><controlfield tag="008">021202c19959999cauwr nso     0    0eng c</controlfield><datafield ind1=" " ind2=" " tag="010"><subfield code="a">  2007254017</subfield></datafield><datafield ind1=" " ind2=" " tag="040"><subfield code="a">HUA</subfield><subfield code="b">eng</subfield><subfield code="c">HUA</subfield><subfield code="d">OCL</subfield><subfield code="d">OCLCQ</subfield><subfield code="d">CUS</subfield><subfield code="d">OCLCQ</subfield><subfield code="d">OCLCF</subfield></datafield><datafield ind1=" " ind2=" " tag="022"><subfield code="y">1524-5489</subfield><subfield code="y">1045-8697</subfield></datafield><datafield ind1=" " ind2=" " tag="042"><subfield code="a">pcc</subfield></datafield><datafield ind1=" " ind2=" " tag="043"><subfield code="a">n-us-ca</subfield></datafield><datafield ind1="1" ind2="4" tag="050"><subfield code="a">HF1</subfield></datafield><datafield ind1=" " ind2=" " tag="092"><subfield code="a">658</subfield><subfield code="b">B9</subfield></datafield><datafield ind1="0" ind2=" " tag="130"><subfield code="a">Business press (Ontario, Calif. : Online)</subfield></datafield><datafield ind1="1" ind2="4" tag="245"><subfield code="a">The Business Press/California</subfield><subfield code="h">[electronic resource].</subfield></datafield><datafield ind1="1" ind2=" " tag="246"><subfield code="i">Issues from some providers have title:</subfield><subfield code="a">Business Press/California, the, Ontario, CA</subfield></datafield><datafield ind1="3" ind2="0" tag="246"><subfield code="a">California</subfield></datafield><datafield ind1=" " ind2=" " tag="260"><subfield code="a">Riverside, CA :</subfield><subfield code="b">Press-Enterprise, Inc.</subfield></datafield><datafield ind1=" " ind2=" " tag="310"><subfield code="a">Weekly</subfield></datafield><datafield ind1="1" ind2=" " tag="362"><subfield code="a">Vol. 1, no. 1 (Sept. 11-17, 1995)-</subfield></datafield><datafield ind1=" " ind2=" " tag="530"><subfield code="a">Also issued in print.</subfield></datafield><datafield ind1=" " ind2=" " tag="538"><subfield code="a">Mode of access: World Wide Web.</subfield></datafield><datafield ind1=" " ind2=" " tag="588"><subfield code="a">Description based on first issue; title from source information (LexisNexis academic, viewed Dec. 17, 2007).</subfield></datafield><datafield ind1=" " ind2=" " tag="588"><subfield code="a">Latest issue consulted: Dec. 10, 2007 (viewed Dec. 17, 2007).</subfield></datafield><datafield ind1=" " ind2="0" tag="650"><subfield code="a">Business enterprises</subfield><subfield code="z">California</subfield><subfield code="z">Inland Empire</subfield><subfield code="v">Newspapers.</subfield></datafield><datafield ind1=" " ind2="0" tag="651"><subfield code="a">Inland Empire (Calif.)</subfield><subfield code="x">Economic conditions</subfield><subfield code="v">Newspapers.</subfield></datafield><datafield ind1=" " ind2="0" tag="651"><subfield code="a">San Bernardino County (Calif.)</subfield><subfield code="v">Newspapers.</subfield></datafield><datafield ind1=" " ind2="0" tag="651"><subfield code="a">Ontario (Calif.)</subfield><subfield code="v">Newspapers.</subfield></datafield><datafield ind1=" " ind2="0" tag="651"><subfield code="a">Riverside County (Calif.)</subfield><subfield code="v">Newspapers.</subfield></datafield><datafield ind1=" " ind2="7" tag="655"><subfield code="a">Newspapers.</subfield><subfield code="2">fast</subfield><subfield code="0">(OCoLC)fst01423814</subfield></datafield><datafield ind1=" " ind2="7" tag="650"><subfield code="a">Business enterprises.</subfield><subfield code="2">fast</subfield><subfield code="0">(OCoLC)fst00842519</subfield></datafield><datafield ind1=" " ind2="7" tag="650"><subfield code="a">Economic history.</subfield><subfield code="2">fast</subfield><subfield code="0">(OCoLC)fst00901974</subfield></datafield><datafield ind1=" " ind2="7" tag="651"><subfield code="a">California</subfield><subfield code="z">Inland Empire.</subfield><subfield code="2">fast</subfield><subfield code="0">(OCoLC)fst01871714</subfield></datafield><datafield ind1=" " ind2="7" tag="651"><subfield code="a">California</subfield><subfield code="z">Ontario.</subfield><subfield code="2">fast</subfield><subfield code="0">(OCoLC)fst01219034</subfield></datafield><datafield ind1=" " ind2="7" tag="651"><subfield code="a">California</subfield><subfield code="z">Riverside County.</subfield><subfield code="2">fast</subfield><subfield code="0">(OCoLC)fst01205486</subfield></datafield><datafield ind1=" " ind2="7" tag="651"><subfield code="a">California</subfield><subfield code="z">San Bernardino County.</subfield><subfield code="2">fast</subfield><subfield code="0">(OCoLC)fst01207309</subfield></datafield><datafield ind1=" " ind2=" " tag="752"><subfield code="a">United States</subfield><subfield code="b">California</subfield><subfield code="c">San Bernardino</subfield><subfield code="d">Ontario.</subfield></datafield><datafield ind1="0" ind2="8" tag="776"><subfield code="i">Print version:</subfield><subfield code="t">Business press (Ontario, Calif.)</subfield><subfield code="x">1524-5489</subfield><subfield code="w">(DLC)sn 99003716</subfield><subfield code="w">(OCoLC)33325783</subfield></datafield><datafield ind1="4" ind2="0" tag="856"><subfield code="u">http://www.lexisnexis.com/us/lnacademic/api/version1/sf?shr=t&amp;sfi=AC00NBGenSrch&amp;csi=155139</subfield></datafield><datafield ind1="4" ind2="0" tag="856"><subfield code="u">http://infoweb.newsbank.com/?db=BPCB</subfield></datafield></record>